@article{Holm79,
    author  = "Holmstorm, Bengt",
    title   = "Moral Hazard and Observability",
    year    = "1979",
    journal = "J.Econ",
    volume  = "10",
    number  = "3",
    pages   = "74--91"
}

@article{Laibson97,
    author  = "Laibson,David",
    title   = "Hyperbolic Discount Functions, Undersaving, and Savings Policy.",
    year    = "1997",
    journal = "Q.J.E.",
    volume  = "112",
    number  = "2",
    pages   = "443--77"
}
@article{Fisher30,
    author  = "Fisher.I",
    title   = "The theory of Interest",
    year    = "1997",
    journal = "MacMillan",
}
@article{Gruber01,
    author  = "Gruber J. and B.Koszegi",
    title   = "Is addiction rational? Theory and Evidence",
    year    = "2001",
    journal = "Q.J.E.",
    volume  = "116",
    number  = "4",
    pages   = "1261--1303"
}
@article{Thornton91,
    author  = "Thornton M.",
    title   = "The Economics of Prohibition",
    year    = "1991",
    journal = "University of Utah Press",
 
}